% This file was created with JabRef 2.10.
% Encoding: UTF-8


@Article{freund,
  Title                    = {{Analytic approximations for three neutrino oscillation parameters and probabilities in matter}},
  Author                   = {Freund, Martin},
  Journal                  = {Phys. Rev. D},
  Year                     = {2001},

  Month                    = {Jul},
  Pages                    = {053003},
  Volume                   = {64},

  Doi                      = {10.1103/PhysRevD.64.053003},
  Issue                    = {5},
  Numpages                 = {12},
  Publisher                = {American Physical Society},
  Url                      = {https://link.aps.org/doi/10.1103/PhysRevD.64.053003}
}

@Electronic{hyperk,
  Url                      = {http://www.hyper-k.org/en/neutrino.html},

  Owner                    = {damian},
  Timestamp                = {2018.04.17}
}

@Electronic{nersc,
  Url                      = {http://www.nersc.gov},

  Owner                    = {damian},
  Timestamp                = {2018.04.17}
}

@Electronic{wikimedia,
  Url                      = {https://commons.wikimedia.org},

  Owner                    = {damian},
  Timestamp                = {2018.04.17}
}

